<?xml version="1.0" encoding="UTF-8"?><record xmlns="http://www.loc.gov/MARC21/slim" xmlns:cinclude="http://apache.org/cocoon/include/1.0" xmlns:zs="http://www.loc.gov/zing/srw/">
  <leader>00612nz  a2200157n  4500</leader>
  <controlfield tag="001">n 2011081126</controlfield>
  <controlfield tag="003">DLC</controlfield>
  <controlfield tag="005">20111123075114.0</controlfield>
  <controlfield tag="008">111122n| acannaabn          |b aaa      </controlfield>
  <datafield tag="010" ind1=" " ind2=" ">
    <subfield code="a">n 2011081126</subfield>
  </datafield>
  <datafield tag="040" ind1=" " ind2=" ">
    <subfield code="a">DLC</subfield>
    <subfield code="b">eng</subfield>
    <subfield code="c">DLC</subfield>
  </datafield>
  <datafield tag="100" ind1="1" ind2=" ">
    <subfield code="a">Bezrukov, V. I.</subfield>
    <subfield code="q">(Viktor Ivanovich)</subfield>
  </datafield>
  <datafield tag="400" ind1="1" ind2=" ">
    <subfield code="a">Bezrukov, Viktor Ivanovich</subfield>
  </datafield>
  <datafield tag="400" ind1="1" ind2=" ">
    <subfield code="a">Безруков, В. И.</subfield>
    <subfield code="q">(Виктор Иванович)</subfield>
  </datafield>
  <datafield tag="667" ind1=" " ind2=" ">
    <subfield code="a">Non-Latin script reference not evaluated</subfield>
  </datafield>
  <datafield tag="670" ind1=" " ind2=" ">
    <subfield code="a">Osnovy elektrokaplestruĭnykh tekhnologiĭ, 2001:</subfield>
    <subfield code="b">t.p. (В. И. Безруков = V.I. Bezrukov) colophon (Виктор Иванович = Viktor Ivanovich)</subfield>
  </datafield>
</record>